@unpublished{modernconvagents,
  author    = "David Suendermann-Oeft",
  title     = "Modern Conversational Agents",
  year = "2013"
}

@inproceedings{opensrcsds,
  author    = "Tim von Oldenburg, Jonathan Grupp and David Suendermann-Oeft",
  title     = "{Towards a Distributed Open-Source Spoken Dialog System Following Industry Standards}",
  booktitle = "Speech Communication; 10. ITG Symposium; Proceedings of",
  publisher = "VDE",
  year = "2012",
  pages = "1-4"
}

@techreport{archopensrcsds,
  author    = "Tim von Oldenburg and Jonathan Grupp",
  title     = "{Architecture of a Distributed Open Source Spoken Dialog System}",
  institution = {DHBW Stuttgart, Germany},
  year = "2012"
}

@article{vxmlstd,
  title="{Voice Extensible Markup Language (VoiceXML) 2.1}",
  author={W3C Recommendation},
  journal={http://www.w3.org/TR/voicexml21/},
  year={2007}
}

@book{asterisk,
  author="{Russell Bryant, Leif Madsen, and Jim Van Meggelen}",
  title="{Asterisk: The Definitive Guide}",
  publisher="O'Reilly Media",
  year="2013",
  edition="4th"
}
