@book{citeKey1,
  title={{Form and style in thesis writing}},
  author={Campbell, W.G.},
  year={1954},
  publisher={Houghton Mifflin}
}

@article{vxmlstd,
  title={Voice Extensible Markup Language (VoiceXML) 2.1},
  author={W3C Recommendation},
  journal={http://www.w3.org/TR/voicexml21/},
  year={2007}
}
